@incollection{NIPS2003_AP05,
 	author = {Alice X. Zheng and  Michael I. Jordan and  Ben Liblit and  Alex Aiken},
 	title =  {Statistical Debugging of Sampled Programs},
 	booktitle = {Advances in Neural Information Processing Systems 16},
 	editor = {Sebastian Thrun and Lawrence Saul and Bernhard {Sch\"{o}lkopf}},
 	publisher = {MIT Press},
 	address = {Cambridge, MA},
 	year = {2004},
 	keywords = {feature selection, utility maximization, regularization, program analysis, classification, machine learning},
}

@inproceedings{Liblit:2003:BIV:781131.781148,
 	author = {Liblit, Ben and Aiken, Alex and Zheng, Alice X. and Jordan, Michael I.},
 	title = {Bug Isolation via Remote Program Sampling},
 	booktitle = {Proceedings of the ACM SIGPLAN 2003 Conference on Programming Language Design and Implementation},
 	series = {PLDI '03},
 	year = {2003},
 	isbn = {1-58113-662-5},
 	location = {San Diego, California, USA},
 	pages = {141--154},
 	numpages = {14},
 	url = {http://doi.acm.org/10.1145/781131.781148},
 	doi = {10.1145/781131.781148},
 	acmid = {781148},
 	publisher = {ACM},
 	address = {New York, NY, USA},
 	keywords = {assertions, bug isolation, feature selection, logistic regression, random sampling, statistical debugging},
}

@inproceedings{ArumugaNainar:2010:ABI:1806799.1806839,
	author = {Arumuga Nainar, Piramanayagam and Liblit, Ben},
	title = {Adaptive Bug Isolation},
	booktitle = {Proceedings of the 32Nd ACM/IEEE International Conference on Software Engineering - Volume 1},
	series = {ICSE '10},
	year = {2010},
	isbn = {978-1-60558-719-6},
	location = {Cape Town, South Africa},
 	pages = {255--264},
 	numpages = {10},
 	url = {http://doi.acm.org/10.1145/1806799.1806839},
 	doi = {10.1145/1806799.1806839},
 	acmid = {1806839},
 	publisher = {ACM},
 	address = {New York, NY, USA},
 	keywords = {binary instrumentation, control-dependence graphs, dynamic feedback, dyninst, heuristic search, statistical debugging},
}

@inproceedings{ArumugaNainar:2007:SDU:1273463.1273467,
	author = {Arumuga Nainar, Piramanayagam and Chen, Ting and Rosin, Jake and Liblit, Ben},
 	title = {Statistical Debugging Using Compound Boolean Predicates},
 	booktitle = {Proceedings of the 2007 International Symposium on Software Testing and Analysis},
 	series = {ISSTA '07},
 	year = {2007},
 	isbn = {978-1-59593-734-6},
 	location = {London, United Kingdom},
 	pages = {5--15},
 	numpages = {11},
 	url = {http://doi.acm.org/10.1145/1273463.1273467},
 	doi = {10.1145/1273463.1273467},
 	acmid = {1273467},
 	publisher = {ACM},
 	address = {New York, NY, USA},
 	keywords = {debugging effort metrics, dynamic feedback analysis, statistical bug isolation, three-valued logic},
}

@inproceedings{Andrzejewski:2007:SDU:1421665.1421672,
 	author = {Andrzejewski, David and Mulhern, Anne and Liblit, Ben and Zhu, Xiaojin},
 	title = {Statistical Debugging Using Latent Topic Models},
 	booktitle = {Proceedings of the 18th European Conference on Machine Learning},
 	series = {ECML '07},
 	year = {2007},
 	isbn = {978-3-540-74957-8},
 	location = {Warsaw, Poland},
 	pages = {6--17},
 	numpages = {12},
 	url = {http://dx.doi.org/10.1007/978-3-540-74958-5_5},
 	doi = {10.1007/978-3-540-74958-5_5},
 	acmid = {1421672},
 	publisher = {Springer-Verlag},
 	address = {Berlin, Heidelberg},
}

@inproceedings{parnin11jul,
  	author = {Chris Parnin and Alessandro Orso},
  	title = {{Are Automated Debugging Techniques Actually Helping Programmers?}},
  	booktitle = {{Proceedings of the International Symposium on Software Testing and Analysis (ISSTA 2011)}},
  	address = {Toronto, Canada},
  	month = {July},
  	year  = {2011},
  	pages = {199--209},
}

@inproceedings{Parsa:2011:SDU:2045625.2045659,
 	author = {Parsa, Saeed and Asadi-Aghbolaghi, Maryam and Vahidi-Asl, Mojtaba},
 	title = {Statistical Debugging Using a Hierarchical Model of Correlated Predicates},
 	booktitle = {Proceedings of the Third International Conference on Artificial Intelligence and Computational Intelligence - Volume Part I},
 	series = {AICI'11},
 	year = {2011},
 	isbn = {978-3-642-23880-2},
 	location = {Taiyuan, China},
 	pages = {251--256},
 	numpages = {6},
 	url = {http://dl.acm.org/citation.cfm?id=2045625.2045659},
 	acmid = {2045659},
 	publisher = {Springer-Verlag},
 	address = {Berlin, Heidelberg},
 	keywords = {Lasso method, automatic bug finding, fault relevant predicates, hierarchical clustering, statistical debugging},
}

@inproceedings{bartel:soap2012,
    author    = {Bartel, Alexandre and Klein, Jacques and Monperrus, Martin and Le
    Traon, Yves},
    title     = {{Dexpler: Converting Android Dalvik Bytecode to Jimple for Static
    Analysis with Soot}},
    abstract  = {{This paper introduces Dexpler, a software package which
    converts Dalvik bytecode to Jimple. Dexpler is built on top of Dedexer and
    Soot. As Jimple is Soot's main internal representation of code, the
    Dalvik bytecode can be manipulated with any Jimple based tool, for
    instance for performing point-to or flow analysis.}},
    keywords  = {Dalvik Bytecode, Android, Soot, Jimple, Static Analysis},
    booktitle = {ACM Sigplan International Workshop on the State Of The Art in
    Java Program Analysis},
    isbn      = {978-1-4503-1490-9},
    location  = {Beijing, China},
    year      = {2012},
    month     = June,
}

@misc{Jenkins,
  	title = {{Jenkins - An Extendable Open Source Continuous Integration Server}},
  	howpublished = {\url{http://jenkins-ci.org/}},
  	note = {Accessed: \today},
}

@misc{TeamCity,
  	title = {{TeamCity - Continuous Integration for Everybody}},
  	howpublished = {\url{http://www.jetbrains.com/teamcity/}},
  	note = {Accessed: \today},
}

@misc{AndroidFragmentationVisualized,
  title = {{Android Fragmentation Visualized}},
  howpublished = {\url{http://opensignal.com/reports/fragmentation-2013/}},
  note = {Accessed: \today},
}

@misc{ContinuousIntegrationSoftware,
	title = {{Comparison of continuous integration software}},
	howpublished = {\url{http://en.wikipedia.org/wiki/Comparison_of_continuous_integration_software}},
	note = {Accessed: \today},
}

@manual{DyninstGuide,
	title = {{Dyninst Programmer's Guide}},
	organization = {Computer Science Department, University of Wisconsin-Madison and Computer Science Department, University of Maryland},
	edition = {Release 8.1},
	month = {March},
	year = {2013},
}

@book{cohn2009succeeding,
  title={Succeeding with agile: software development using Scrum},
  author={Cohn, Mike},
  year={2009},
  publisher={Pearson Education}
}

@book{freeman2009growing,
  title={Growing object-oriented software, guided by tests},
  author={Freeman, Steve and Pryce, Nat},
  year={2009},
  publisher={Pearson Education}
}
